<record><leader>00000cas a22000007a 4500</leader><controlfield tag="001">10948076</controlfield><controlfield tag="008">840713d19661969nyudn ne      0    0eng d</controlfield><controlfield tag="009">148</controlfield><datafield ind1=" " ind2=" " tag="010"><subfield code="a">sn 84031474 </subfield></datafield><datafield ind1=" " ind2=" " tag="040"><subfield code="a">NYG</subfield><subfield code="b">eng</subfield><subfield code="c">NYG</subfield><subfield code="d">NYS</subfield><subfield code="d">OCLCQ</subfield></datafield><datafield ind1="1" ind2=" " tag="029"><subfield code="a">AU@</subfield><subfield code="b">000020635691</subfield></datafield><datafield ind1=" " ind2=" " tag="042"><subfield code="a">msc</subfield></datafield><datafield ind1=" " ind2="4" tag="050"><subfield code="a">AN2</subfield><subfield code="b">.S75</subfield></datafield><datafield ind1="0" ind2="0" tag="245"><subfield code="a">Suffolk sun.</subfield></datafield><datafield ind1=" " ind2=" " tag="260"><subfield code="a">[Deer Park, N.Y. :</subfield><subfield code="b">Suffolk Sun],</subfield><subfield code="c">1966-1969.</subfield></datafield><datafield ind1=" " ind2=" " tag="300"><subfield code="a">3 v. :</subfield><subfield code="b">ill.</subfield></datafield><datafield ind1=" " ind2=" " tag="310"><subfield code="a">Daily (except Sunday)</subfield></datafield><datafield ind1="0" ind2=" " tag="362"><subfield code="a">Vol. 1, no. 1 (Nov. 21, 1966)-v. 3, no. 285 (Oct. 18, 1969).</subfield></datafield><datafield ind1=" " ind2=" " tag="500"><subfield code="a">"Serving Suffolk County, Long Island."</subfield></datafield><datafield ind1=" " ind2=" " tag="530"><subfield code="a">Also available on microfilm from Suffolk Co-op Library.</subfield></datafield><datafield ind1=" " ind2=" " tag="500"><subfield code="a">Editor: C. Anderson, 1966-1969.</subfield></datafield><datafield ind1=" " ind2="4" tag="651"><subfield code="a">Deer Park (N.Y.)</subfield><subfield code="v">Newspapers.</subfield></datafield><datafield ind1=" " ind2="4" tag="651"><subfield code="a">Suffolk County (N.Y.)</subfield><subfield code="v">Newspapers.</subfield></datafield><datafield ind1="1" ind2=" " tag="700"><subfield code="a">Anderson, Cortland.</subfield></datafield><datafield ind1=" " ind2=" " tag="752"><subfield code="a">United States</subfield><subfield code="b">New York</subfield><subfield code="c">Suffolk</subfield><subfield code="d">Deer Park.</subfield></datafield><datafield ind1="0" ind2="0" tag="780"><subfield code="t">Babylon town leader</subfield><subfield code="w">(DLC)sn 95071003</subfield><subfield code="w">(OCoLC)31631534</subfield></datafield></record>